<?xml version="1.0" encoding="UTF-8"?><collection xmlns="http://www.loc.gov/MARC21/slim"><record><leader>00487nam--2200145-i-4500</leader><controlfield tag="001">000028819</controlfield><controlfield tag="002">20161230</controlfield><controlfield tag="005">20161230201037</controlfield><controlfield tag="008">060222s1000------------r-----000-0-eng-d</controlfield><datafield ind1=" " ind2=" " tag="080"><subfield code="a">621.316.7:681.5</subfield></datafield><datafield ind1=" " ind2=" " tag="100"><subfield code="a">Kulikowski, R</subfield></datafield><datafield ind1=" " ind2=" " tag="245"><subfield code="a">Optimale und adaptive prozesse in regelungssystemen.optimalitatskriterien, extremaleigenschaften variationsprobleme</subfield></datafield><datafield ind1=" " ind2=" " tag="260"><subfield code="a">Berlin, Veb Verlag Technik, 1974. 151p</subfield></datafield><datafield ind1=" " ind2=" " tag="490"><subfield code="a">Theoretische Grundlagen Der Technischen Kybernetik</subfield></datafield><datafield ind1=" " ind2=" " tag="852"><subfield code="a">70288</subfield></datafield></record></collection>